@article{tpaper,
  title={Temporal stability in human interaction networks},
  author={Fabbri, Renato},
  journal={preprint arXiv:1310.7769.},
  note={\url{http://arxiv.org/abs/1310.7769}}
  year={2016}
}

@article*{anPhy,
  title={What are you and I? [Anthropological physics fundamentals]},
  author={Fabbri, Renato},
  journal={academia.edu},
  note={\url{https://www.academia.edu/10356773/What_are_you_and_I_anthropological_physics_fundamentals_}},
  year={2015}
}
